<record><leader>00000cas a22000007a 4500</leader><controlfield tag="001">41460787</controlfield><controlfield tag="008">990601d19071911sduwr ne      0    0eng d</controlfield><datafield ind1=" " ind2=" " tag="010"><subfield code="a">sn 99068078 </subfield></datafield><datafield ind1=" " ind2=" " tag="040"><subfield code="a">SXN</subfield><subfield code="b">eng</subfield><subfield code="c">SXN</subfield><subfield code="d">OCLCF</subfield><subfield code="d">OCLCO</subfield></datafield><datafield ind1="1" ind2=" " tag="029"><subfield code="a">AU@</subfield><subfield code="b">000020230462</subfield></datafield><datafield ind1=" " ind2=" " tag="042"><subfield code="a">msc</subfield></datafield><datafield ind1=" " ind2=" " tag="043"><subfield code="a">n-us-sd</subfield></datafield><datafield ind1="0" ind2="4" tag="245"><subfield code="a">The Kimball graphic and the Kimball index.</subfield></datafield><datafield ind1="1" ind2="0" tag="246"><subfield code="a">Kimball graphic</subfield></datafield><datafield ind1=" " ind2=" " tag="260"><subfield code="a">Kimball, S.D. :</subfield><subfield code="b">C.R. Tinan,</subfield><subfield code="c">1907-1911.</subfield></datafield><datafield ind1=" " ind2=" " tag="300"><subfield code="a">v.</subfield></datafield><datafield ind1=" " ind2=" " tag="310"><subfield code="a">Weekly</subfield></datafield><datafield ind1="0" ind2=" " tag="362"><subfield code="a">25th year, no. 1293 (Jan. 25, 1907)-30th year, no. 1514 (Apr. 18, 1911).</subfield></datafield><datafield ind1=" " ind2=" " tag="530"><subfield code="a">Available on microfilm from: State Archives, South Dakota State Historical Society.</subfield></datafield><datafield ind1=" " ind2="0" tag="651"><subfield code="a">Kimball (S.D.)</subfield><subfield code="v">Newspapers.</subfield></datafield><datafield ind1=" " ind2="0" tag="651"><subfield code="a">Brule County (S.D.)</subfield><subfield code="v">Newspapers.</subfield></datafield><datafield ind1=" " ind2="7" tag="655"><subfield code="a">Newspapers.</subfield><subfield code="2">fast</subfield><subfield code="0">(OCoLC)fst01423814</subfield></datafield><datafield ind1=" " ind2="7" tag="651"><subfield code="a">South Dakota</subfield><subfield code="z">Brule County.</subfield><subfield code="2">fast</subfield><subfield code="0">(OCoLC)fst01215574</subfield></datafield><datafield ind1=" " ind2="7" tag="651"><subfield code="a">South Dakota</subfield><subfield code="z">Kimball.</subfield><subfield code="2">fast</subfield><subfield code="0">(OCoLC)fst01209705</subfield></datafield><datafield ind1=" " ind2=" " tag="752"><subfield code="a">United States</subfield><subfield code="b">South Dakota</subfield><subfield code="c">Brule</subfield><subfield code="d">Kimball.</subfield></datafield><datafield ind1="0" ind2="0" tag="780"><subfield code="t">Graphic and Kimball index</subfield><subfield code="w">(DLC)sn 99068077</subfield></datafield><datafield ind1="0" ind2="0" tag="785"><subfield code="t">Kimball graphic (Kimball, S.D. : 1911)</subfield><subfield code="w">(DLC)sn 99068079</subfield></datafield></record>